@misc{wallace,
    author = "Wallace Wart",
    title = "Writing hacky texs",
    year = "2019"
 }
